<record><leader>00000cas a22000007a 4500</leader><controlfield tag="001">10463872</controlfield><controlfield tag="008">840227d19731973vi dn ne      0   a0eng d</controlfield><controlfield tag="009">3770</controlfield><datafield ind1=" " ind2=" " tag="010"><subfield code="a">sn 84037512 </subfield></datafield><datafield ind1=" " ind2=" " tag="040"><subfield code="a">NVI</subfield><subfield code="b">eng</subfield><subfield code="c">NPV</subfield><subfield code="d">DLC</subfield></datafield><datafield ind1="1" ind2=" " tag="029"><subfield code="a">AU@</subfield><subfield code="b">000025813010</subfield></datafield><datafield ind1=" " ind2=" " tag="042"><subfield code="a">msc</subfield></datafield><datafield ind1="0" ind2=" " tag="130"><subfield code="a">Daily post (Saint Thomas, V.I.)</subfield></datafield><datafield ind1="0" ind2="0" tag="245"><subfield code="a">Daily post.</subfield></datafield><datafield ind1="0" ind2="0" tag="246"><subfield code="a">Sunday post</subfield></datafield><datafield ind1=" " ind2=" " tag="260"><subfield code="a">St. Thomas, V.I. :</subfield><subfield code="b">West Indies Pub. Co.,</subfield><subfield code="c">1973.</subfield></datafield><datafield ind1=" " ind2=" " tag="300"><subfield code="a">1 v. :</subfield><subfield code="b">ill.</subfield></datafield><datafield ind1=" " ind2=" " tag="310"><subfield code="a">Daily (except Sun.)</subfield></datafield><datafield ind1="0" ind2=" " tag="362"><subfield code="a">Vol. 3, no. 125 (July 30, 1973)-v. 3, no. 151 (Sept. 25, 1973).</subfield></datafield><datafield ind1=" " ind2=" " tag="500"><subfield code="a">On Sunday published as the Sunday post.</subfield></datafield><datafield ind1=" " ind2=" " tag="500"><subfield code="a">Editor: Earle B. Ottley.</subfield></datafield><datafield ind1="1" ind2=" " tag="700"><subfield code="a">Ottley, Earle B.</subfield></datafield><datafield ind1=" " ind2=" " tag="752"><subfield code="a">United States</subfield><subfield code="b">Virgin Islands</subfield><subfield code="c">Saint Thomas</subfield><subfield code="d">Saint Thomas.</subfield></datafield><datafield ind1="0" ind2="0" tag="780"><subfield code="t">Carib post</subfield><subfield code="w">(DLC)sn 84037511</subfield></datafield><datafield ind1="0" ind2="0" tag="785"><subfield code="t">Virgin Islands post</subfield><subfield code="w">(DLC)sn 84037542</subfield></datafield></record>